@article{Kerckhoffs83,
    abstract = {{pp. 161?191, Feb. 1883.}},
    author = {Kerckhoffs, Auguste},
    citeulike-article-id = {505508},
    citeulike-linkout-0 = {http://www.petitcolas.net/fabien/kerckhoffs/},
    citeulike-linkout-1 = {http://www.amazon.com/exec/obidos/redirect?tag=citeulike07-20\&path=ASIN/B00096SWL4},
    journal = {Journal des sciences militaires},
    keywords = {cryptography, master},
    month = jan,
    pages = {5--83},
    posted-at = {2006-02-15 04:49:15},
    priority = {2},
    title = {{La cryptographie militaire}},
    url = {http://www.petitcolas.net/fabien/kerckhoffs/},
    volume = {IX},
    year = {1883}
}

@book{katzlindell,
 author = {Katz, Jonathan and Lindell, Yehuda},
 title = {Introduction to Modern Cryptography (Chapman \& Hall/Crc Cryptography and Network Security Series)},
 year = {2007},
 isbn = {1584885513},
 publisher = {Chapman \& Hall/CRC},
}